% This file was created with JabRef 2.8.
% Encoding: SJIS

@INPROCEEDINGS{portnoy2001intrusion,
  author = {Portnoy, Leonid and Eskin, Eleazar and Stolfo, Sal},
  title = {Intrusion detection with unlabeled data using clustering},
  booktitle = {In Proceedings of ACM CSS Workshop on Data Mining Applied to Security
	(DMSA-2001},
  year = {2001}
}

@article{kruegel2005multi,
  title={A multi-model approach to the detection of web-based attacks},
  author={Kruegel, Christopher and Vigna, Giovanni and Robertson, William},
  journal={Computer Networks},
  volume={48},
  number={5},
  pages={717--738},
  year={2005},
  publisher={Elsevier}
}

